2053 2600
384 134 439 171 ,ιο
931 120 1024 180 Q
1088 121 1167 176 ἐξ
1229 117 1324 179 <ss

350 242 352 244 v
384 222 563 261 Raudium
581 222 635 271 ἢ),
660 221 800 261 Iustum
821 222 985 275 Lipfium
1004 221 1058 272 ¹),
1080 224 1257 262 Ioannem
1282 223 1509 262 Schefferum
1530 227 1599 275 ὓ),
1624 226 1799 266 Iacobum
1829 224 1886 265 de'

387 277 423 315 la
453 279 573 314 Baune
596 278 661 325 ⁷¹),
701 279 743 315 C.
765 278 813 316 G.
830 277 1076 316 Schwarzium
1103 278 1165 327 ⁰),
1193 289 1228 316 et
1254 278 1333 319 Cel.
1352 279 1593 317 Arntzenium
1621 285 1685 327 P),
1710 283 1876 320 nomino.

389 333 431 368 In
459 331 590 380 primis
613 333 801 382 poeticum
834 334 912 370 eius
939 332 1128 382 ingenium
1153 345 1188 370 et
1214 332 1463 381 eloquentiam
1488 335 1685 372 enitentem
1712 336 1880 386 complu·
1921 368 1929 372 .

382 398 465 430 res,
481 386 581 434 iique
599 384 846 432 eruditissimi,
864 388 933 425 viri
953 398 1140 433 amarunt,
1157 399 1320 436 quorum
1337 385 1527 425 sententies
1541 385 1765 427 honorificas
1783 402 1880 432 anno

388 437 572 490 superiori
599 441 655 479 Cl.
677 443 866 493 Iaegerus,
886 439 1066 481 Profeffor
1089 439 1306 490 Altorfinus,
1324 443 1362 481 in
1381 439 1451 480 suis
1468 442 1706 495 philologieis
1730 444 1767 482 in
1784 444 1881 483 hunc

390 493 510 544 ipsum
529 498 651 534 Paesti
680 498 945 549 panegyricum
980 493 1327 541 Obseruatiohibus,
1357 498 1414 536 his
1444 497 1562 537 verbis
1599 497 1880 547 quodammodo

392 550 607 600 complexus
632 551 707 591 estz
746 556 845 591 Inter
872 554 945 590 illos
971 549 1242 602 (panegyristas
1266 553 1443 601 minores)
1474 563 1577 606 caput
1598 551 1739 603 mirifice
1751 554 1882 591 exstulit
1930 568 1936 573 *

391 607 470 645 Lat.
494 608 641 644 Pacatus
670 610 879 656 Drepanum,
899 617 1049 655 tempore
1075 607 1211 655 quidem
1232 606 1434 658 postremus,
1458 606 1521 657 fid
1555 609 1763 656 eloquentiae
1781 620 1882 657 prae.

385 659 518 709 stantia
541 665 693 709 prInms,
717 666 808 698 cuim
841 665 1028 698 orationem
1053 664 1200 697 omnium
1224 660 1318 711 istius
1343 664 1421 698 aeui
1436 659 1646 710 firiptorum
1669 660 1885 710 numeroffi-

394 725 485 750 mam
498 742 507 759 ,
531 715 764 763 culttffi‘mam‚
789 714 1075 766 ingeniostffimam
1099 712 1177 764 effe,
1208 724 1241 752 et
1273 715 1321 752 ad
1342 713 1548 765 maiestatem
1570 717 1735 753 Ciceronis
1763 715 1883 752 Plinii-

393 779 459 816 que
485 771 632 804 nitorem
655 771 830 814 accedere,
858 769 951 805 baud
975 765 1158 817 spernendi
1183 769 1303 807 barum
1332 780 1447 806 rerum
1475 766 1604 806 arbitri
1631 768 1884 805 iudicauerunt.

397 821 467 858 Cui
493 834 580 859 vero
606 821 760 861 dubium
785 821 857 869 est,
887 822 994 860 hune·
1011 834 1218 868 oratorem,
1235 835 1343 871 quem
1372 836 1491 861 ruram
1507 835 1568 861 aut
1589 819 1798 862 fabulosam
1815 818 1885 859 sae·

397 875 470 912 culi
500 873 555 913 sui
585 890 693 915 auem
728 877 849 914 dicere
875 874 1007 926 poffis,
1034 889 1172 914 tantam
1195 876 1336 915 dicendi
1361 878 1517 926 gloriam
1554 889 1629 914 non
1657 877 1806 927 ingenio
1831 874 1884 923 so-

396 929 476 968 lum
503 929 685 980 feliciori,
714 943 927 981 quanquam
959 943 994 968 et
1020 930 1124 979 huic,
1158 929 1218 969 sed
1254 933 1409 970 maxime
1446 930 1630 978 veterum,
1664 930 1885 969 nominatim

1777 984 1887 1023 Plinii

1208 1076 1246 1154 sts)
1272 1076 1348 1110 Vid.
1361 1077 1444 1111 edit.
1462 1078 1557 1111 minii
1574 1077 1677 1122 Lugd.
1695 1079 1766 1111 Bar.
1790 1068 1885 1120 ¹675·

1165 1133 1205 1165 pa
1231 1132 1287 1154 lm.

1210 1176 1236 1217 l)
1259 1176 1371 1208 Eiusd.
1403 1176 1482 1208 edit.
1510 1177 1658 1218 plurimis
1673 1176 1768 1215 locis,
1787 1177 1885 1215 maxi‘

1166 1230 1222 1252 me
1265 1243 1272 1257 ,.
1299 1228 1359 1261 ¹¹7
1394 1218 1559 1252 Imitatur
1574 1217 1745 1259 Pacatus,
1761 1220 1884 1263 inquit,

1166 1265 1201 1297 in
1221 1231 1433 1306 ffiwodofiana
1451 1262 1562 1303 laude,
1579 1267 1616 1295 vt
1628 1263 1797 1306 plerosque
1807 1263 1888 1296 emi-

1168 1308 1331 1340 nentiores
1346 1329 1354 1344 ,
1367 1305 1469 1350 semel
1494 1307 1654 1339 monitum
1673 1306 1733 1347 esto
1745 1329 1755 1347 ,
1780 1308 1889 1340 locos.-

398 1076 461 1119 cipi
467 1074 567 1120 serus
583 1085 799 1108 occurrerem.
846 1072 962 1117 Aegre
985 1075 1123 1108 remotis

394 1121 523 1164 populi,
541 1121 596 1164 qui
615 1129 674 1152 nos
683 1119 995 1163 praegrediebatur,
1014 1120 1121 1161 agmi-

398 1164 513 1204 nibus,
527 1170 563 1197 vt
579 1174 680 1207 quam
696 1163 869 1208 longiffime
884 1163 974 1196 nobis
990 1164 1121 1196 obuiam

395 1209 603 1252 procederet,
637 1208 815 1240 laborauit.
895 1207 980 1248 Istic,
1016 1207 1100 1251 proh
1112 1230 1121 1248 ,

393 1250 512 1297 sanita
527 1252 709 1285 diuinitas!
730 1250 954 1295 gaudentibus
977 1250 1121 1292 cunffis,

402 1307 466 1340 qno
498 1307 554 1330 ore
566 1297 586 1329 ἓ
618 1306 684 1339 qua
715 1296 818 1329 voce?
857 1296 984 1338 inquit.-
1028 1295 1123 1333 Aue,

403 1338 524 1384 Consul
539 1339 763 1384 Ampliffime!
787 1343 875 1372 Tum
901 1339 1049 1383 pluribus
1077 1351 1125 1372 or-

401 1386 566 1419 namentis
578 1410 587 1425 ‚
604 1395 688 1428 quae
703 1386 854 1427 Pfinceps
878 1385 912 1417 in
930 1381 1033 1427 ipsum
1051 1394 1124 1417 con-

400 1428 540 1469 tulisset,
564 1428 737 1471 plebisque
753 1427 1019 1472 gratulationibus
1039 1438 1123 1460 com-

400 1474 605 1511 memoratis,
634 1473 679 1506 ita
700 1474 824 1516 pergit:
867 1473 907 1514 (c.
941 1480 992 1515 29.
1017 1470 1122 1512 med.)

404 1517 540 1550 Omnem
561 1515 748 1560 modestiam
763 1516 881 1559 populi,
896 1526 1022 1548 omnem
1037 1525 1123 1549 vere-

405 1562 559 1595 cundiam
575 1561 626 1594 tui
637 1560 767 1602 gaudia
783 1558 927 1605 effiaena
941 1557 1124 1604 superaue-

403 1610 494 1641 rant.
540 1604 633 1646 Aue,
654 1603 772 1649 Consul
783 1604 899 1648 Ampli
922 1605 1006 1638 1me!
1031 1603 1140 1638 Aueo-

399 1652 517 1695 plane,
543 1650 753 1693 Imperator,
783 1654 814 1683 et
841 1649 951 1683 auebo.
1010 1649 1127 1693 Neque

404 1695 491 1728 enim
517 1698 651 1726 euentus
679 1691 735 1738 effe
760 1692 861 1737 potest
893 1694 1000 1736 optati
1029 1693 1128 1726 huius

405 1736 497 1772 ambi
524 1747 587 1771 uus
599 1747 614 1775 ;
639 1745 740 1781 quum
764 1737 795 1770 is
815 1741 914 1770 auere
927 1736 1055 1778 iubeat,
1072 1734 1129 1781 qui

403 1785 474 1817 iam
506 1783 583 1819 ecit,
601 1786 638 1815 vt
652 1792 796 1815 auerem.
845 1779 961 1824 Consul
981 1778 1129 1824 Amplis-

396 1827 500 1872 fime!
519 1826 606 1859 Sum
621 1826 718 1869 plane
733 1829 765 1858 et
786 1822 917 1869 Conficl,
934 1829 966 1858 et
982 1822 1128 1870 amplzffi-

403 1882 479 1906 mus
495 1868 618 1918 Consul.
669 1868 755 1915 Quis
768 1870 852 1903 enim
869 1879 919 1902 me
925 1867 999 1913 fuit
1011 1868 1131 1912 ampli-

405 1928 444 1949 or
471 1914 614 1960 Consul?
636 1923 731 1957 quem
744 1911 906 1958 sublimat
932 1918 964 1947 et
989 1912 1130 1958 illustrat

406 1958 610 2004 Consulatus.
619 1967 714 2002 quem
729 1957 872 2002 tribuisti
882 1968 898 1994 ;
920 1955 1126 2001 Amplitudo,

406 2013 510 2050 quam
527 2002 659 2036 tribuis.
704 2003 867 2036 Postremo
890 2000 980 2036 suum
1003 2012 1037 2035 et
1066 2003 1128 2036 col-

407 2051 502 2094 legae
530 2046 578 2081 sui
603 2058 674 2080 cum
699 2049 789 2081 Bruti
806 2057 905 2090 atque
919 2049 1041 2081 Valerii
1055 2058 1128 2081 con-

407 2092 508 2127 sulatu
542 2100 723 2136 comparat,
762 2102 824 2127 nec
850 2092 1013 2126 minorem
1036 2090 1126 2126 suum

407 2139 563 2176 aestimat.

1162 1646 1229 1680 'rici
1253 1647 1422 1686 Edidone,
1448 1658 1480 1689 p.

1169 1368 1330 1375 ———
1359 1355 1390 1384 et
1409 1351 1527 1394 plura,
1555 1347 1672 1395 sodes,
1700 1349 1807 1391 adde,
1838 1349 1891 1384 vel

1168 1394 1439 1472 izziapunianis
1459 1394 1609 1438 argutiis
1634 1399 1666 1428 et
1690 1405 1801 1428 venere
1818 1404 1889 1449 cerff

1182 1523 1190 1530 „
1213 1493 1262 1536 m)
1289 1495 1328 1526 In
1344 1493 1492 1527 editione
1514 1489 1569 1526 sua
1584 1494 1701 1527 Pacati.

1213 1548 1250 1589 n)
1271 1550 1430 1581 Veterum
1440 1549 1712 1592 Panegyricorum
1721 1548 1891 1586 editorem.

1216 1602 1249 1643 o)
1273 1603 1312 1635 In
1331 1602 1592 1646 praestantiffima
1602 1603 1739 1636 Pliniani
1774 1615 1893 1650 anegy*

1532 1656 1564 1679 0.
1591 1656 1626 1681 et
1652 1647 1723 1688 196.
1802 1649 1893 1682 tinus

1175 1689 1325 1723 Pacatus
1340 1690 1494 1723 imitator
1540 1689 1617 1723 linit,
1640 1702 1671 1737 p.
1690 1694 1744 1735 89.
1766 1691 1893 1726 Credas

1173 1733 1286 1768 Latin.
1316 1733 1483 1768 Pacatum
1514 1732 1654 1786 habuiffle
1681 1735 1830 1771 Plinium
1860 1737 1895 1771 in

1175 1777 1340 1819 manibus,
1357 1789 1431 1812 cum
1444 1789 1513 1822 cap.
1533 1788 1583 1821 27.
1591 1780 1712 1823 similia
1723 1779 1894 1826 scriberet.

1175 1825 1272 1856 Porro
1285 1848 1293 1864 ,
1328 1835 1360 1867 p.
1394 1831 1470 1866 437.
1498 1821 1714 1858 Luculentum
1737 1825 1894 1877 antiquae

1174 1866 1370 1900 imitationis
1388 1868 1571 1911 exemplum
1585 1869 1685 1901 oculis
1701 1865 1895 1914 subiit-ntur.

1174 1911 1272 1944 Sicut
1285 1912 1368 1945 enim
1385 1911 1527 1945 Latinus
1550 1911 1702 1947 Pacatus
1711 1914 1896 1957 panegyri-

1174 1965 1249 1989 cum
1274 1955 1378 1989 Plinii
1401 1956 1477 1989 aliis
1496 1955 1530 1989 in
1551 1956 1628 1990 locis
1650 1957 1806 2001 imitatus
1832 1956 1895 2003 est,-

1172 2000 1223 2034 ita
1241 2011 1314 2035 cum
1329 2000 1452 2046 primis
1464 1998 1563 2035 huius
1580 2000 1639 2035 loci
1657 2001 1803 2035 imitatio
1826 2002 1894 2036 elu-

1173 2049 1230 2079 cet.

1214 2089 1253 2133 p)
1277 2089 1379 2124 Cuius
1396 2091 1520 2134 optima
1532 2090 1638 2123 Pacati
1655 2088 1757 2124 editio
1771 2091 1892 2135 prodiit

1175 2135 1425 2175 Amstelodami,
1453 2140 1548 2177 1753.
