2053 2600
1008 11 1051 45 ,ὶῖ

773 141 862 222 Q
924 117 1000 217 ’ἓ
1066 134 1183 223 0:⁶¹⁸
1654 103 1723 218 39‘

226 263 376 306 tentiam
399 265 450 303 ire
469 261 521 312 se,
545 261 817 311 fatetur,cuiua
836 264 881 304 ad
900 265 998 304 hunc
1014 265 1326 308 locum'adnotata
1343 263 1477 305 videas.
1536 262 1630 302 Non
1651 263 1721 302 mi-

223 325 294 359 tius
316 318 460 359 fallaces
486 319 579 359 milti
608 317 779 358 videntur
801 318 894 359 duae
910 321 1090 371 quaedam
1109 323 1404 375 ratiocinationes
1421 321 1606 362 Plinianae
1620 349 1630 365 ,
1654 316 1719 357 sal-

133 406 143 414 .
221 373 297 413 tem
321 375 498 421 incertae3
527 387 687 423 quarum
715 374 864 413 alteram
893 376 1017 413 inueni
1042 389 1070 413 c.
1095 382 1154 419 68.
1180 389 1237 424 pr.
1263 376 1318 414 his
1354 374 1473 414 verbis
1496 368 1716 424 expressam:

223 427 453 482 Capis'ergo.,
470 427 623 482 Caefitr,
640 427 777 481 salutis
790 434 871 467 tuae
881 429 1322 484 gloriqfiffimumfrubi'um
1349 444 1394 470 ex
1418 428 1586 483 consensu
1614 423 1713 468 Πίο-

220 498 311 524 rum.
367 485 465 523 Nam
480 495 587 535 quum
601 485 771 533 exct'pias,
785 490 827 521 vt
843 485 894 521 ita
907 485 1041 522 demum
1055 492 1089 523 te
1103 484 1174 523 Dii
1179 486 1349 536 seruent,
1353 486 1393 539 st
1403 487 1486 523 bene
1506 497 1578 522 rem
1596 482 1709 533 publi·
1758 496 1763 498 ⁴

221 553 294 578 cam
308 546 342 578 et
357 552 402 577 ex
415 539 568 577 utilitate
586 538 737 574 omnium
753 539 910 580 rexeris,
927 547 1042 577 certus
1063 553 1121 588 es,
1138 546 1173 578 ta
1184 541 1267 577 bene
1280 553 1353 578 rem
1361 540 1537 589 publicam
1557 550 1713 589 gerere,-

218 593 506 646 quumserumt..
537 591 672 629 Altera
690 590 798 630 exstat
813 604 844 630 cv.
860 598 920 638 88.
945 592 1041 633 hunc
1061 594 1099 632 in
1127 593 1282 637 modum
1308 592 1527 644 composita:
1551 590 1707 643 Iustisne

219 649 262 686 aa
275 648 382 699 causis
397 647 431 684 S.
449 645 499 684 P.
522 645 567 696 Q.
583 644 632 684 R.
664 645 802 696 Optimi
820 648 886 684 tibi
902 660 1089 698 cognomen
1113 648 1265 688 adiecit?
1293 650 1408 692 Scias,
1433 647 1600 686 neminem
1624 653 1709 683 ante

209 699 399 754 Χ’ἠὶινιιιζθὴ
427 700 523 752 quod
533 711 605 737 non
625 707 702 738 erat
716 701 1006 753 excogitandum,
1014 703 1055 757 fi
1070 705 1150 755 quis
1172 703 1355 757 meruiffet.
1409 704 1511 741 Nam
1543 712 1579 739 et
1601 710 1706 750 pote·

215 768 281 803 rats
304 754 480 807 sapientia
512 753 656 800 diuina,
688 756 790 793 cuius
820 757 968 805 ignotae
994 756 1076 796 sunt
1099 758 1242 809 homini
1265 759 1445 803 rationes,
1484 758 1595 795 etiam
1617 767 1705 792 eum

217 811 425 861 Principem
442 808 601 857 seruare,
619 810 684 857 qui
701 810 822 847 minus
838 822 880 847 ex
897 811 1064 849 omnium
1081 812 1231 851 vtilitate
1248 825 1325 851 rem
1340 811 1525 862 publicam
1541 805 1703 848 rexiffet:

217 872 337 915 neque
354 861 488 903 neceffe
510 861 570 908 est,
590 873 632 900 'vt
647 863 834 913 Principes
846 863 950 910 illud,
968 865 1068 914 quod
1085 873 1315 909 mereantur,
1334 863 1540 917 cognomen
1557 861 1701 913 semper·

218 916 498 967 consequantur.
556 921 727 956 Attamen
749 917 836 955 haec
853 930 927 955 non
945 931 990 956 eo
1006 917 1109 966 dico,
1130 933 1206 969 quo
1219 918 1484 971 perstringam3
1513 919 1551 957 in
1566 914 1701 956 talibus

217 974 316 1013 enim
332 970 437 1025 saepe
454 971 633 1023 quaedam
650 969 781 1011 sufficit
795 975 870 1012 veri
888 971 1108 1013 similitudo:
1138 973 1209 1022 sed,
1230 974 1332 1025 quod
1350 972 1490 1013 faciunt
1504 971 1550 1011 ad
1564 972 1704 1022 ingeni-

216 1041 281 1067 um
297 1028 527 1077 eloquentiae
538 1027 726 1065 Plinianae
744 1027 873 1066 melius
893 1026 1198 1080 cognoscendum.
1254 1031 1457 1080 Superatur
1470 1040 1593 1066 autem
1623 1025 1702 1073 ille,

218 1083 455 1135 quantumuis
479 1082 562 1121 licet
585 1082 624 1120 in
646 1081 865 1131 quibusdam
883 1083 1004 1134 exigui
1026 1084 1205 1123 momenti
1223 1082 1331 1122 rebus
1345 1080 1520 1134 augendis
1535 1078 1699 1132 copiose-

216 1152 289 1189 que
305 1134 632 1176 ornandis'nimius
650 1149 684 1175 et
702 1137 885 1176 interdum
905 1138 1071 1176 acutulus
1089 1137 1272 1184 videatur,
1290 1136 1501 1188 superatur,
1522 1139 1700 1185 inquam,

216 1193 284 1231 hac
305 1189 570 1242 exsuperantia,
584 1203 622 1229 vt
639 1189 698 1238 fit,
727 1191 771 1230 ab
786 1193 989 1242 imitatore,
1007 1193 1070 1241 qui
1090 1193 1127 1240 in
1143 1188 1384 1230 describendis
1400 1193 1556 1230 maxime
1571 1189 1700 1228 Theo-

213 1245 303 1286 dofii
320 1244 505 1292 viaet-iis,
521 1246 668 1296 praeliis
688 1257 724 1283 et
743 1245 932 1284 itineribus
945 1245 1032 1295 fere:
1046 1244 1260 1284 historicum
1285 1247 1378 1296 agit,
1405 1244 1553 1295 singulis
1577 1255 1700 1282 tamen

214 1296 464 1351 amplificatis5
484 1311 520 1337 et
535 1298 617 1337 stilo
634 1298 784 1338 subinde
804 1300 867 1338 ‘vel
889 1305 910 1337 a
933 1300 1054 1348 poetis
1077 1312 1210 1338 mutuo
1236 1297 1368 1340 sumto.
1424 1300 1540 1337 Cuius
1571 1295 1702 1336 redun-

215 1355 357 1393 dantiae
371 1354 556 1405 exempla,
570 1352 736 1402 cuilibet,
753 1351 874 1405 ipsum
894 1351 1122 1405 inspeauro,
1137 1352 1266 1405 paffim
1284 1354 1407 1400 obuia,
1425 1352 1517 1391 nihil
1534 1348 1704 1412 οριιξιείὶξ

213 1420 253 1449 vt
268 1413 476 1458 congeram.
1028 1423 1033 1426 ’
1608 1410 1613 1414 ’
1706 1412 1709 1415 “

879 1461 914 1512 §.
943 1463 1029 1500 XX.

285 1527 433 1563 Tertium
458 1525 658 1562 adutationis
669 1535 784 1570 genus.
873 1525 1038 1573 Digreffio
1063 1526 1112 1561 ad
1133 1525 1296 1562 Ludouict'
1306 1525 1411 1561 XIV.
1428 1525 1630 1560 adulatores.

307 1582 516 1634 Aggredior
535 1584 659 1634 potius
674 1584 820 1621 tertium
837 1582 928 1621 illud
944 1596 1079 1633 genus,
1097 1583 1199 1634 quod
1216 1597 1274 1622 me
1290 1585 1328 1622 in
1351 1597 1392 1622 ea
1410 1594 1550 1634 ponere
1572 1577 1698 1618 adula-

214 1639 327 1678 tionis
350 1636 473 1676 forma
499 1636 590 1683 dixi,
606 1650 677 1686 qua
692 1634 797 1674 suum
814 1639 1081 1687 Imperatorem
1103 1639 1237 1687 quouis
1254 1651 1407 1684 eorum„
1438 1637 1503 1685 qui
1528 1646 1611 1673 ante
1638 1644 1697 1670 re-

215 1692 425 1744 gnaret-int,
451 1691 687 1741 Principum,
712 1695 862 1741 vterque
886 1691 1077 1736 meliorem
1104 1704 1139 1729 et
1162 1691 1331 1733 laudibus
1363 1691 1571 1742 digniorem
1605 1684 1697 1731 effe,

213 1745 411 1785 contendit.
469 1744 583 1798 Qiod
611 1757 728 1794 quum
745 1745 870 1795 aliquo
886 1757 1006 1783 tamen
1028 1746 1124 1792 iure,
1141 1744 1266 1784 saltem
1281 1759 1356 1784 non
1371 1744 1442 1783 fine
1458 1740 1609 1783 adsensu
1627 1753 1697 1791 pu-

212 1800 322 1848 blico,
342 1798 488 1845 faciant,
504 1796 670 1850 ipsorum
687 1797 737 1838 est
754 1801 896 1846 minor,
915 1812 1025 1849 quam
1038 1800 1287 1851 plurimorum
1303 1801 1478 1848 aliorum,
1494 1797 1624 1846 hoclin
1636 1807 1697 1845 ge·

213 1868 300 1894 nere
319 1854 492 1892 adulatio.
547 1853 615 1891 Sed
635 1867 707 1903 qua
731 1856 872 1892 ratione
902 1855 1058 1904 quisque
1081 1856 1173 1892 hanc
1198 1864 1339 1904 partem
1370 1865 1536 1898 exornet,
1557 1861 1694 1899 operae

213 1909 375 1960 pretium
394 1905 443 1945 est
462 1905 689 1956 cognoscere.
746 1907 884 1946 Plinius
901 1908 993 1953 hanc
1008 1909 1103 1948 viam
1128 1907 1347 1959 ingreditur:
1376 1911 1423 1954 (c.
1447 1909 1532 1954 88.)
1562 1904 1697 1942 Minus·

212 1963 269 2014 cst,
283 1964 552 2012 imperatorem,
568 1968 603 1998 et
620 1960 813 2012 Caesarem,
827 1961 1094 2013 etAugustum,
1108 1976 1221 2013 quam,
1237 1963 1394 1999 omnihus
1401 1959 1696 2012 Imperatoribus,

213 2016 473 2069 et'Caesaribus,
492 2021 526 2053 et
542 2013 733 2067 Augustis,
749 2014 812 2067 effi
825 2015 1008 2069 meliorem.
1065 2014 1227 2056 Difficile*
1236 2013 1378 2067 semper
1399 2013 1466 2063 est,
1491 2014 1579 2054 talia
1603 2024 1692 2063 ptu-

214 2069 443 2110 dcntioribus
460 2069 635 2121 probare:
659 2070 718 2107 hic
732 2083 875 2119 autem,
900 2072 1158 2120 quum.totius
1179 2072 1355 2122 ciuitatis,
1379 2072 1417 2109 in
1445 2070 1579 2121 primis
1602 2078 1695 2107 vero

214 2127 379 2175 Senatus,
395 2124 628 2172 auctoritate,
644 2125 802 2170 nitatur;
821 2137 1009 2174 tamquam
1024 2123 1250 2164 fundamenti
1269 2125 1368 2172 loco,
1383 2125 1539 2164 Traiani
1556 2133 1698 2172 cogno·

207 2180 309 2220 mine
323 2180 455 2227 vtitur,
472 2179 575 2230 quod
591 2192 675 2220 eum
695 2178 813 2228 illius,
825 2177 907 2229 quo
916 2175 1079 2219 summus
1095 2181 1263 2220 Deorum
1276 2180 1550 2227 honorabatur,
1563 2176 1696 2216 admo-

1604 2244 1668 2270 net
1677 2255 1694 2279 ‚

589 2380 613 2412 &-
