2053 2600
0 277 85 358 μ.-

153 282 177 294 st

820 160 913 225 'Q
970 165 1050 220 ἓ
1111 162 1206 225 a&
1705 181 1759 224 15

273 271 357 316 iuis,
371 268 600 319 difficillimum
616 266 732 306 nobis:
754 269 828 306 cum
846 266 1021 306 Danubius
1041 268 1146 319 ripasf
1159 268 1242 322 gelu
1264 272 1393 322 iungit,
1421 269 1634 319 duratusque
1648 268 1763 320 glacie

273 327 424 378 ingentia
439 335 533 377 tergo
550 322 631 363 bella
645 332 882 372 transportat:
906 323 1087 375 cumserae
1094 334 1298 375 gentesnon
1323 325 1400 362 telis
1418 328 1526 376 magis
1539 353 1551 369 ,
1574 336 1677 373 quam
1693 323 1758 372 suo

268 381 371 422 eaelo,
378 379 441 428 suo
449 380 573 429 fidere,
590 378 798 416 armantur?
824 378 892 415 Sed
904 375 960 414 vbi
971 382 1006 414 in
1017 381 1177 426 proximo
1201 388 1260 423 tu,
1283 390 1354 419 nott
1372 378 1484 427 secus,
1500 392 1540 416 ac
1552 379 1588 428 fi
1602 387 1758 421 mutatae

232 436 236 441 '
268 445 455 485 temporum
469 437 557 471 vices
569 430 684 484 effent,
700 432 751 470 illi
766 427 900 481 quidem
917 430 1067 469 latibulis
1074 430 1149 482 suis
1165 433 1267 483 clausi
1278 427 1481 470 tenebantur
1487 447 1499 477 ‚·
1523 432 1633 484 nostra
1647 435 1755 485 agmi-

268 502 313 527 na
323 487 521 539 percursare
539 491 651 534 ripas,
666 497 700 523 et
713 487 827 522 aliena
843 486 1019 534 occafione,
1026 487 1062 536 st
1080 490 1315 535 permitteres,
1341 491 1393 524 vti
1400 517 1412 534 ‚
1437 488 1590 536 ultroque
1611 488 1752 524 hiemem

257 544 356 595 suam
373 540 529 582 barbaris
542 538 670 591 inferre
675 536 884 592 gaudebant.
913 540 958 588 (c.
982 545 1036 579 16.
1054 544 1160 588 extr.)
1176 541 1328 593 Quodsi}
1341 545 1417 590 quis
1439 539 1604 579 barbarus
1625 554 1688 579 rex
1713 555 1751 580 eo

266 598 460 648 insolentiae
466 596 666 645 furorisque
676 591 890 644 procefferin
913 604 952 630 vt
975 598 1064 632 iram
1087 606 1183 633 tuam
1205 597 1532 646 indignationemque
1556 606 1749 640 mereatur,

267 662 332 689 nae
347 651 418 697 ille,
430 649 503 701 siue
528 647 688 700 interfufi)
703 651 809 694 mari,
822 645 883 699 seu
890 646 1087 698 fluminibus
1101 648 1281 699 immenfis5
1291 646 1352 699 Jeu
1362 651 1549 699 praecipiti
1569 659 1680 688 monte
1693 651 1749 687 de-

228 703 232 706 ’
257 706 437 756 fenditur,
460 707 570 748 omnia
589 704 668 745 baec
688 712 759 741 tam
776 715 890 751 prona
906 713 1043 751 tamque
1061 706 1211 741 cedentia
1226 703 1419 740 'virtutibus
1439 708 1509 740 tuis
1520 702 1664 751 sentiet,
1693 714 1750 751 οἵ,

258 756 430 810 subsedzffe
443 766 569 795 montes
578 785 587 802 ,
598 756 746 805 flumina
759 753 942 806 exarutffe,
958 759 1178 807 interceptum
1192 769 1285 795 mare
1294 787 1303 803 ,
1318 758 1497 806 illatasque
1502 755 1569 807 fibi
1586 770 1651 795 non
1668 755 1747 807 clas.

259 811 314 862 ses
330 813 476 864 nostras,
491 810 552 861 sed
570 820 683 848 terras
698 808 801 858 ipfhs,
826 807 1028 849 arbitretur.
1062 826 1064 829 ·
1082 814 1167 849 Hoc
1183 812 1267 849 loco
1281 812 1454 849 Tulliana
1481 811 1658 860 quaedam
1676 812 1751 850 elo·

269 868 418 915 quentia
435 864 556 909 sonet,
580 875 691 913 quam
704 864 871 910 heatus,
887 876 972 902 cum
983 862 1058 903 ‘suis
1076 865 1288 916 amphoris,
1306 864 1402 904 haud
1424 864 1645 915 adsequitur.

943 983 977 1038 §·
1001 986 1075 1023 1v.-

726 1060 808 1107 Ipsts
825 1069 950 1106 quoque
963 1044 1106 1096 Parthis
1122 1065 1155 1096 et
1168 1059 1289 1106 Persis.

377 1132 478 1169 Inter
489 1141 554 1167 eos
570 1127 734 1180 populos
745 1158 755 1176 ,
771 1127 903 1178 quibus
921 1126 1125 1178 subigendis
1142 1129 1397 1166 Romanorum
1420 1140 1519 1167 arma
1540 1142 1616 1168 non
1638 1126 1745 1169 suffe·

270 1198 417 1231 cerunt,
433 1182 591 1222 eminent
612 1183 746 1223 Parthi.
797 1186 903 1234 Qos
927 1195 1045 1220 tamen
1062 1196 1081 1221 a
1097 1184 1263 1221 Traiano
1280 1182 1398 1220 adhuc
1414 1196 1532 1232 puero
1551 1187 1589 1222 in
1614 1184 1743 1235 fugam

268 1241 372 1279 datos
395 1237 483 1284 esse,
506 1239 643 1276 Plinius
679 1222 881 1287 glssriuturz
917 1236 967 1288 (c.
1002 1249 1061 1286 14.
1085 1239 1160 1286 pr.)
1189 1240 1306 1275 Nonne
1330 1236 1531 1275 incunabula
1552 1240 1632 1276 haee
1654 1238 1743 1286 tibi,

268 1294 408 1344 Caefizr,
425 1303 460 1331 et
474 1293 682 1337 rudimenta,
697 1304 771 1329 cum
788 1288 877 1340 puer
892 1292 1251 1339 admodumParthica
1275 1291 1372 1328 lauro
1391 1292 1538 1342 gloriam
1557 1297 1671 1341 patris
1686 1307 1746 1331 au-

260 1350 387 1401 geres?
412 1367 470 1375 —
485 1366 544 1374 —
556 1365 615 1374 ·—
627 1345 705 1382 'cuni
706 1343 874 1395 ferociam
881 1343 1140 1394 superbiamque
1155 1345 1362 1383 Parthorum
1379 1359 1423 1382 ex
1430 1350 1591 1394 proximo
1609 1349 1750 1385 auditus

267 1414 388 1454 magno
417 1411 550 1439 terrore
581 1396 770 1437 cohiberes?
808 1399 965 1437 Illorum
993 1397 1138 1451 vestigia
1156 1396 1417 1447 persequentes
1440 1398 1565 1439 Persae
1602 1403 1746 1439 animos

266 1455 400 1496 fimiles
416 1453 674 1502 ostenderunt3
703 1464 768 1489 nec
782 1451 960 1490 diffimilia
978 1450 1075 1497 sunt,
1090 1465 1186 1499 quac
1199 1451 1243 1488 de
1260 1453 1316 1489 bis
1330 1455 1483 1490 Pacatus
1497 1453 1593 1492 dicit.
1647 1454 1748 1493 Post-

269 1521 380 1560 quam
399 1509 495 1546 enim
516 1509 552 1544 in
568 1515 698 1557 genere
713 1504 770 1542 his
787 1504 916 1551 verbim
933 1518 1065 1546 mutuo
1084 1504 1233 1554 quidem
1249 1519 1290 1543 ex
1307 1507 1378 1544 alio
1405 1506 1532 1545 sumtis
1556 1507 1632 1546 fere
1658 1523 1743 1547 cun·

267 1564 349 1612 ais,
365 1560 446 1601 vsus
465 1560 533 1599 est:
562 1565 610 1608 (c.
630 1560 711 1605 22.)
733 1561 953 1610 Qaecunque
968 1564 1061 1598 natio
1078 1558 1302 1600 barbarorum
1324 1560 1456 1608 robore,
1463 1561 1614 1608 ferocia,
1634 1577 1747 1603 nume-

269 1632 326 1664 ro,
346 1615 468 1670 grauis
491 1627 646 1664 umquam
673 1611 764 1651 nobis
784 1614 880 1665 suit,
900 1624 962 1652 aut
985 1612 1061 1652 boni
1082 1616 1240 1665 consulit,
1258 1625 1297 1653 vt
1319 1615 1481 1666 quiescat,
1497 1628 1562 1655 aut
1575 1620 1748 1665 lactatur,

268 1674 364 1725 quast
375 1674 504 1714 amica,
509 1671 546 1722 fi
547 1670 699 1721 seruiat:
722 1680 802 1707 tum
819 1682 906 1707 vero
931 1670 1148 1708 nominatim
1173 1671 1305 1720 pergit.
1357 1672 1460 1722 Pevfis
1488 1671 1557 1722 ipsa
1573 1703 1582 1719 ‚
1608 1674 1728 1723 inquit
1739 1704 1754 1722 ,-

269 1725 468 1778 reipublicae
483 1725 614 1775 nostrae
635 1735 728 1762 retro
758 1725 890 1762 aemula
914 1734 949 1762 et
970 1726 1084 1763 multis
1099 1728 1328 1764 Romanorum
1345 1727 1475 1764 ducum·
1474 1727 1608 1778 famosa
1615 1728 1753 1780 suneri-

268 1782 347 1828 bue,
370 1781 538 1831 quidquid
552 1792 698 1829 unquam
713 1783 748 1816 in
763 1781 933 1829 Principes
949 1778 1074 1831 nostros
1087 1780 1314 1818 inclementius
1318 1781 1407 1833 fecit
1417 1811 1425 1826 ,
1441 1782 1574 1833 excusat
1590 1782 1749 1833 obsequio.

267 1840 347 1877 Iam
365 1832 488 1874 rursus
504 1834 616 1872 alium
635 1847 758 1884 aperte
776 1835 956 1873 imitatur:
985 1837 1136 1885 Denique
1150 1834 1216 1884 ipse
1230 1836 1285 1872 ille
1300 1849 1364 1884 rex
1376 1840 1455 1881 eius,
1471 1839 1672 1888 dedignatus
1690 1851 1749 1875 an-

268 1902 324 1930 tea
339 1887 492 1938 confiteri
508 1890 694 1935 bominem,
708 1893 824 1935 (tanta
852 1890 930 1927 cius
951 1885 1071 1926 fuerat
1088 1890 1225 1940 ferocia
1246 1900 1281 1925 et
1293 1888 1494 1937 fiaperbia),
1521 1894 1589 1927 iam
1604 1892 1750 1941 fatetur

268 1943 436 1991 timorem,
453 1954 487 1981 et
504 1946 538 1979 in
551 1944 601 1980 his
613 1951 647 1979 te
664 1944 745 1980 colit
763 1945 913 1993 templis,
927 1946 963 1980 in
981 1941 1100 1993 quibus
1115 1943 1256 1979 colitur:
1278 1951 1363 1988 tum‚
1379 1942 1547 1995 legatione
1564 1948 1747 1994 mittenda,

260 2003 404 2054 gemmis
418 1996 589 2047 sericoque
608 1994 820 2044 praebendo,
836 1999 883 2034 ad
897 1999 957 2035 hoc
975 1993 1235 2045 triumphalibus
1253 1993 1369 2033 belluis
1390 2000 1425 2032 in
1455 2007 1517 2034 tua
1537 1998 1643 2050 efflda
1670 2001 1751 2054 sug-

260 2054 421 2108 gerendis
428 2066 441 2101 ,·
466 2052 526 2102 etfi
534 2051 643 2094 adhuc
656 2053 786 2088 nomine
800 2049 844 2101 est
849 2050 1054 2103 foederatus
1065 2080 1073 2096 ,
1089 2053 1158 2087 iam
1172 2059 1284 2088 tamen
1301 2054 1370 2088 tuis
1387 2049 1531 2091 cultibus
1545 2053 1750 2094 tributarius

269 2109 325 2157 est.
379 2107 523 2146 Scilicet
536 2106 672 2145 horum
687 2118 773 2155 pars
790 2103 840 2145 est
855 2118 896 2142 ex
913 2104 1041 2144 incerti
1061 2103 1221 2143 austeris
1245 2106 1510 2155 Epiffialamio,
1529 2123 1614 2159 pars
1637 2124 1655 2147 e
1671 2106 1769 2147 Mas

270 2161 425 2202 mertini*
435 2163 587 2201 maioris
602 2161 824 2214 Panegyrico
835 2190 845 2209 ‚
859 2173 970 2211 quem
992 2159 1053 2207 hic
1072 2160 1299 2202 Maximiano
1311 2159 1478 2214 Augusto
1494 2161 1599 2213 dixit,
1616 2162 1755 2204 desum-

1697 2233 1732 2259 ιι
1741 2237 1756 2274 3

278 1016 287 1049 ἑ
