2053 2600
289 169 346 200 12
842 131 1235 209 πρὸς»

289 255 463 298 breuibus
486 252 664 292 orationis
689 252 932 306 panegyr-icae
959 259 1129 290 naturam
1156 250 1357 302 generatim
1373 246 1707 304 'comfilefflmurj
1724 267 1782 295 res

292 312 412 350 omnis
431 308 476 347 ad
492 309 673 357 Principis
687 306 812 345 laudes
831 305 1033 354 redit‚quas
1053 318 1182 344 orator
1202 307 1240 343 in
1260 306 1400 344 caelum
1418 305 1597 345 tollendas
1616 311 1664 346 ita
1684 307 1786 347 susci·

291 367 367 416 pit,
395 375 433 401 vt
457 375 540 408 eos,
566 362 631 410 qui
659 360 835 408 audiunt,
861 373 936 398 non
962 357 1082 397 solum
1107 360 1144 397 in
1172 359 1290 412 illius,
1311 371 1437 398 verum
1461 361 1570 399 etiam
1588 361 1626 399 in
1644 360 1789 402 suimet-

292 417 416 469 ipfius,
435 430 606 467 magnam
632 415 914 454 admirationem
932 412 1108 453 traducat.
1163 413 1278 464 Qod
1305 412 1454 462 quidem
1471 415 1570 452 nulla
1596 428 1636 453 re
1651 414 1788 466 magis,

286 484 405 522 'quam
432 471 612 509 orationis
630 465 1024 520 altitudine‚efficitur.
1092 469 1176 506 Hac
1210 469 1308 506 enim
1337 466 1564 507 audientium
1602 470 1716 507 animi
1739 469 1786 509 ad

294 526 485 576 Principis*
512 524 813 575 magnitudinem
841 531 924 562 com
949 523 1182 561 veneratione
1215 522 1354 561 summa
1380 522 1613 573 cogitandam
1638 525 1708 562 toti
1734 538 1789 563 ra-

251 601 255 610 ·
293 583 474 632 piuntur,
499 592 534 617 et
551 591 741 627 tamquam
762 580 799 616 in
825 576 1014 615 sublimius
1040 575 1158 615 eueffl
1181 575 1389 626 sibimetipsi
1415 575 1523 617 solito
1553 579 1710 617 maiores
1736 579 1787 617 vi-

297 635 450 674 dentur:
475 635 578 673 cuius
594 631 768 672 mirificae
788 633 843 671 rei
861 645 936 670 non
952 629 1120 682 possunt,
1140 632 1229 681 quin
1252 632 1449 671 maximam
1470 632 1624 684 gratiam
1642 632 1788 672 diuinae

298 691 457 729 oratoris
473 691 540 726 arti
561 688 739 743 habeant,
763 700 918 735 eamque
941 684 1147 735 suspiciant.
1205 689 1333 738 Qum
1363 698 1450 724 vero
1477 687 1627 733 elationi
1650 685 1787 735 tantae,

297 742 363 782 nifi
383 742 516 780 modus
533 741 768 800 adbibeatur,
784 735 860 778 n⁴6n
877 738 944 778 (int
961 752 1086 790 pares,
1111 752 1147 778 et
1164 739 1240 790 ipsa
1264 752 1389 778 rerum
1407 740 1615 792 amplitudo
1632 739 1789 780 confide-

297 798 444 837 ratione
455 794 549 834 iusto
569 795 738 845 longiore
758 792 1039 845 quodammodo
1059 794 1265 834 minuatur:
1302 794 1523 845 quibusdam
1540 795 1676 834 deliciis
1692 807 1792 846 ορατ

298 850 367 897 est,
384 851 518 899 quibus
545 849 658 887 iidem
684 847 836 888 subinde
861 849 1028 886 laxentur
1054 860 1090 891 et
1111 847 1330 887 reficiantur.
1384 851 1454 887 Cui
1476 850 1529 887 rei
1553 862 1727 888 numerus
1752 861 1789 888 et

298 904 498 944 verborum
513 905 687 942 circuitus
699 933 708 949 ,
727 903 765 941 iu
780 903 913 953 primis
928 914 1051 941 autem
1066 899 1215 953 inssgnia
1234 901 1414 953 quaedam
1439 904 1618 943 orationis
1643 901 1789 954 egregie

299 958 514 998 inseruiunt.
574 960 724 995 Horum
749 958 842 996 nihil
870 956 1057 995 Secundus
1089 955 1210 995 noster
1234 960 1424 1003 omittens,
1447 956 1566 996 nescio
1591 972 1638 996 an
1665 956 1787 1008 ipsum

297 1015 517 1052 Ciceronem
536 1011 678 1048 dicendi
694 1008 957 1060 aequiparaffet
971 1010 1106 1059 gloria,
1125 1009 1239 1048 modo
1255 1008 1318 1049 fibi
1341 1023 1361 1049 a
1385 1012 1683 1062 nimiimrgutiis
1699 1023 1789 1050 tem-

296 1064 462 1118 perasset.
519 1067 659 1103 Verum
679 1066 782 1103 ‚enim
810 1077 899 1103 vero
926 1065 1043 1102 nimio
1071 1063 1273 1104 deleflandi
1296 1062 1417 1103 studio
1444 1067 1708 1115 communique
1732 1064 1787 1105 sui

298 1121 481 1170 temporis
508 1120 599 1156 vitio
625 1118 798 1168 abreptus
829 1119 1052 1156 imitatorem
1086 1116 1191 1156 suurn
1215 1120 1252 1156 in
1285 1118 1442 1158 eundem
1471 1121 1580 1158 traxit
1614 1133 1789 1159 errorem.

297 1173 471 1218 Accedit,
488 1172 589 1221 quod
602 1201 613 1217 ,
630 1185 845 1222 exaggerato
865 1169 974 1209 semel
994 1170 1159 1210 sermone
1183 1171 1410 1223 floribusque
1425 1175 1666 1221 concernens,
1680 1176 1790 1214 etiam

297 1228 372 1266 hoc
388 1229 423 1265 in
441 1240 573 1277 genere
595 1226 749 1264 modum
769 1225 926 1271 excessit,
942 1239 980 1264 vt
997 1224 1135 1276 saepiu·
1150 1234 1299 1276 poetam
1314 1241 1470 1266 numero
1488 1225 1647 1267 solutum
1668 1230 1788 1279 legere

299 1294 421 1332 putes.
477 1279 591 1332 Qod
606 1282 795 1329 poeticum
820 1278 961 1317 dicendi
980 1293 1113 1330 genus,
1131 1282 1238 1318 aetati
1261 1278 1343 1319 suae
1360 1283 1440 1331 pari
1464 1282 1579 1321 modo
1600 1281 1789 1331 sollemne,

300 1338 352 1374 ita
370 1349 446 1373 non
467 1332 648 1373 recusauit
672 1337 842 1382 Pacatus,
865 1347 922 1378 vt,
946 1332 1071 1384 suapte
1095 1334 1237 1373 Gallus·
1252 1336 1401 1384 ingenio
1428 1336 1472 1374 ad
1497 1337 1562 1375 has
1580 1337 1788 1382 dulcedines

299 1390 414 1434 latus,
442 1401 576 1438 porum
604 1388 772 1432 haberet,
795 1401 852 1425 eas
876 1386 1009 1438 cupide
1034 1386 1223 1437 persequi,
1245 1387 1308 1427 nisi
1330 1388 1536 1440 superasset.
1588 1390 1650 1430 Est
1672 1393 1789 1442 igitur

298 1455 453 1492 vterque
484 1440 668 1489 sublimis,
697 1440 748 1480 est
776 1441 952 1490 floridus,
968 1453 1003 1479 et
1029 1440 1107 1479 fere
1131 1444 1318 1492 poeticus,
1342 1457 1378 1482 er
1403 1457 1542 1484 acutus.
1627 1446 1789 1484 Haecin

297 1496 504 1536 vtriuslibet
519 1495 953 1534 oratione-dominantur.
1011 1498 1053 1533 In
1071 1494 1249 1545 praesenti
1266 1495 1539 1543 sublimitatem,
1556 1513 1640 1538 cum
1659 1500 1788 1545 Plinii,

297 1563 377 1588 tum
393 1552 470 1589 eius
489 1551 696 1595 imitatoris,
713 1563 780 1587 nec
797 1560 917 1587 tamen
933 1563 1096 1592 ornnem,
1113 1549 1434 1591 considerabimus.
1491 1556 1593 1590 Nam
1613 1566 1729 1602 quum
1746 1566 1789 1592 ea

299 1604 456 1654 duplicis
473 1606 627 1642 omnino
645 1605 787 1654 generis
804 1603 1000 1642 commode
1023 1601 1132 1653 poffit
1158 1602 1285 1648 statui,
1311 1618 1474 1653 quorum
1497 1606 1652 1644 alterum
1676 1608 1714 1644 in
1737 1620 1791 1645 re-

299 1658 389 1703 bus,
408 1659 482 1695 hoc
499 1657 549 1695 est
566 1659 745 1706 Principis
760 1658 970 1702 virtutibus,
988 1657 1143 1694 alterum
1158 1658 1195 1693 in
1213 1659 1322 1694 variis
1339 1656 1466 1709 figuris
1483 1671 1518 1696 et
1532 1661 1710 1698 orationis
1733 1661 1789 1699 lu-

299 1710 464 1803 minibu}
481 1723 670 1804 ¹c‚erntitur:
698 1712 736 1750 in
753 1710 820 1750 illo
840 1712 961 1762 priori
979 1708 1198 1761 exponendo
1216 1709 1506 1763 illustrandoque
1530 1713 1617 1754 haec
1630 1712 1788 1756 differta-

298 1777 354 1804 κιο
379 1778 439 1804 ver
458 1779 476 1803 a
505 1778 590 1804 itur.

1707 2208 1787 2248 DE
